@book{rf-amp-classics,
   title =     {ARRL's RF Amplifier Classics: Practical Designs and Construction Details from the Pages of QST and QEX},
   author =    {Steve Ford},
   publisher = {Amer Radio Relay League},
   isbn =      {0872599310,9780872599314},
   year =      {2004},
   series =    {},
   edition =   {},
   volume =    {},
   url =       {http://gen.lib.rus.ec/book/index.php?md5=a77b9461e8896bb66bbae351fcdc4dd0}
}
