@book{rf-amp-classics,
   title =     {ARRL's RF Amplifier Classics: Practical Designs and Construction Details from the Pages of QST and QEX},
   author =    {Steve Ford},
   publisher = {Amer Radio Relay League},
   isbn =      {0872599310,9780872599314},
   year =      {2004},
   series =    {},
   edition =   {},
   volume =    {},
   url =       {http://gen.lib.rus.ec/book/index.php?md5=a77b9461e8896bb66bbae351fcdc4dd0}
}

@book{rf-microelectronics,
   title =     {RF Microelectronics, 2nd Edition (Prentice Hall Communications Engineering and Emerging Technologies Series)},
   author =    {Behzad Razavi},
   publisher = {Prentice Hall},
   year =      {2011},
   edition =   {2},
}

@book{experimental-rf,
   title =     {Experimental Methods in RF Design (Radio Amateur's Library)  },
   author =    {Wes Hayward, Rick Campbell, Bob Larkin},
   publisher = {Amer Radio Relay League},
   isbn =      {0872598799,9780872598799},
   year =      {2003},
   series =    {},
   edition =   {},
   volume =    {},
   url =       {http://gen.lib.rus.ec/book/index.php?md5=e99348fdb8779941e3feffe4bb3e24c8}
}

@manual{ssb-thaddeus,
	title = {{SSB Generation - the Phasing Method}},
	author = {Thaddeus A. Roppel},
	organization = {Auburn University},
	year = 2009
}

@misc{weaver-rowell,
	title = {{Weaver SSB Modulation/Demodulation - A Tutorial}},
	author = {Derek Rowell},
	howpublished = {\textsc{pjrc}},
	year = 2017
}

@online{matlab-ssb,
	author = {MathWorks Inc.},
	title = {Single Sideband Modulation via the Hilbert Transform},
	year = 2023,
	url = {https://www.mathworks.com/help/signal/ug/single-sideband-modulation-via-the-hilbert-transform.html},
	urldate = {2023-10-23}
}
